@Book{bookmark,
  title = {Hello World},
  author = {Average Joe},
  publisher = {},
  address = {},
  year = {2015},
  edition = {2nd},
  note = {ISBN },
  url = {},
}
